@MISC{GPoker,
  AUTHOR = {Edgar Ebensperger},
  TITLE = {Implementation of a general Poker Framework validated by Evolution of Computer Player Strategies},
  SCHOOL = {University of Salzburg - Department of Computer Sciences},
  TYPE = {Bachelor's Thesis},
  ADDRESS = {Jakob-Haringer-Stra√üe 2, A-5020 Salzburg, Austria},
  JOURNAL = { },
  MONTH = Sep,
  YEAR = 2014,
}
